[{"date":"4/4/11","name":"A","ticket_sales":70091,"type":"Action","group":"Global"},{"date":"4/22/11","name":"B","ticket_sales":5900026,"type":"Action","group":"Global"},{"date":"4/25/11","name":"C","ticket_sales":2950095,"type":"Action","group":"Global"},{"date":"4/28/11","name":"A","ticket_sales":2900068,"type":"Action","group":"Global"},{"date":"5/18/11","name":"B","ticket_sales":10029,"type":"Action","group":"Global"},{"date":"9/1/11","name":"C","ticket_sales":401402,"type":"Action","group":"Global"},{"date":"9/26/11","name":"A","ticket_sales":494077,"type":"Action","group":"Global"},{"date":"10/14/11","name":"B","ticket_sales":440081,"type":"Comedy","group":"Global"},{"date":"11/21/11","name":"C","ticket_sales":500009,"type":"Action","group":"Domestic"},{"date":"1/13/12","name":"B","ticket_sales":80080,"type":"Comedy","group":"Domestic"},{"date":"1/13/12","name":"A","ticket_sales":100045,"type":"Comedy","group":"Domestic"},{"date":"3/8/12","name":"C","ticket_sales":525820,"type":"Horror","group":"Domestic"},{"date":"3/8/12","name":"A","ticket_sales":1750019,"type":"Action","group":"Independent"},{"date":"3/16/12","name":"B","ticket_sales":25050,"type":"Comedy","group":"Domestic"},{"date":"4/2/12","name":"C","ticket_sales":539757,"type":"Horror","group":"Global"},{"date":"4/20/12","name":"A","ticket_sales":2000076,"type":"Action","group":"Independent"},{"date":"5/11/12","name":"B","ticket_sales":100062,"type":"Comedy","group":"Domestic"},{"date":"5/14/12","name":"C","ticket_sales":10091,"type":"Comedy","group":"Independent"},{"date":"5/20/12","name":"A","ticket_sales":3026491,"type":"Action","group":"Global"},{"date":"6/21/12","name":"C","ticket_sales":640093,"type":"Action","group":"Global"},{"date":"6/21/12","name":"B","ticket_sales":1000087,"type":"Action","group":"Global"},{"date":"6/26/12","name":"A","ticket_sales":100043,"type":"Action","group":"Independent"},{"date":"6/29/12","name":"B","ticket_sales":10078,"type":"Comedy","group":"Domestic"},{"date":"7/9/12","name":"C","ticket_sales":25015,"type":"Comedy","group":"Global"},{"date":"7/12/12","name":"A","ticket_sales":78538,"type":"Comedy","group":"Domestic"},{"date":"7/23/12","name":"B","ticket_sales":58018,"type":"Comedy","group":"Global"},{"date":"7/30/12","name":"C","ticket_sales":850044,"type":"Horror","group":"Domestic"},{"date":"8/14/12","name":"A","ticket_sales":500025,"type":"Comedy","group":"Domestic"},{"date":"8/27/12","name":"B","ticket_sales":65094,"type":"Comedy","group":"Global"},{"date":"9/6/12","name":"C","ticket_sales":25003,"type":"Comedy","group":"Global"},{"date":"9/18/12","name":"A","ticket_sales":5079,"type":"Comedy","group":"Domestic"},{"date":"9/19/12","name":"B","ticket_sales":207575,"type":"Comedy","group":"Domestic"},{"date":"10/1/12","name":"C","ticket_sales":25046,"type":"Comedy","group":"Domestic"},{"date":"10/2/12","name":"A","ticket_sales":6967298,"type":"Action","group":"Domestic"},{"date":"10/3/12","name":"B","ticket_sales":2028,"type":"Comedy","group":"International"},{"date":"10/12/12","name":"C","ticket_sales":15034,"type":"Comedy","group":"Domestic"},{"date":"10/16/12","name":"A","ticket_sales":200033,"type":"Action","group":"Global"},{"date":"10/18/12","name":"B","ticket_sales":80030,"type":"Comedy","group":"Independent"},{"date":"10/18/12","name":"C","ticket_sales":228116,"type":"Action","group":"Independent"},{"date":"10/24/12","name":"A","ticket_sales":1900061,"type":"Action","group":"Domestic"},{"date":"11/30/12","name":"B","ticket_sales":2500018,"type":"Action","group":"Global"},{"date":"1/24/13","name":"C","ticket_sales":75055,"type":"Comedy","group":"Independent"},{"date":"2/8/13","name":"A","ticket_sales":120032,"type":"Action","group":"Global"},{"date":"2/15/13","name":"B","ticket_sales":500078,"type":"Action","group":"Global"},{"date":"3/1/13","name":"C","ticket_sales":26320,"type":"Comedy","group":"Global"},{"date":"3/27/13","name":"A","ticket_sales":5009,"type":"Comedy","group":"Domestic"},{"date":"4/2/13","name":"B","ticket_sales":650064,"type":"Action","group":"Domestic"},{"date":"4/15/13","name":"C","ticket_sales":250064,"type":"Comedy","group":"Domestic"},{"date":"4/23/13","name":"A","ticket_sales":1500062,"type":"Action","group":"Independent"},{"date":"4/30/13","name":"B","ticket_sales":99952,"type":"Horror","group":"Domestic"},{"date":"5/9/13","name":"A","ticket_sales":25054,"type":"Comedy","group":"Global"},{"date":"5/9/13","name":"C","ticket_sales":344677,"type":"Horror","group":"Global"},{"date":"5/17/13","name":"B","ticket_sales":123912,"type":"Action","group":"Independent"},{"date":"5/22/13","name":"C","ticket_sales":4022,"type":"Comedy","group":"Global"},{"date":"5/24/13","name":"A","ticket_sales":937082,"type":"Action","group":"Global"},{"date":"6/3/13","name":"B","ticket_sales":2098956,"type":"Action","group":"Global"},{"date":"6/6/13","name":"C","ticket_sales":487395,"type":"Action","group":"Global"},{"date":"6/10/13","name":"A","ticket_sales":500034,"type":"Horror","group":"Domestic"},{"date":"6/27/13","name":"B","ticket_sales":10042,"type":"Comedy","group":"Domestic"},{"date":"7/17/13","name":"C","ticket_sales":189023,"type":"Horror","group":"Domestic"},{"date":"7/29/13","name":"A","ticket_sales":100083,"type":"Comedy","group":"Domestic"},{"date":"8/8/13","name":"B","ticket_sales":100010,"type":"Horror","group":"International"},{"date":"8/26/13","name":"C","ticket_sales":100045,"type":"Comedy","group":"Domestic"},{"date":"8/29/13","name":"B","ticket_sales":1050,"type":"Comedy","group":"Domestic"},{"date":"8/29/13","name":"A","ticket_sales":830032,"type":"Horror","group":"Domestic"},{"date":"9/3/13","name":"C","ticket_sales":6600027,"type":"Horror","group":"Domestic"},{"date":"9/9/13","name":"A","ticket_sales":1477023,"type":"Horror","group":"Independent"},{"date":"9/19/13","name":"B","ticket_sales":300090,"type":"Comedy","group":"Independent"},{"date":"9/20/13","name":"C","ticket_sales":400013,"type":"Comedy","group":"Independent"},{"date":"9/24/13","name":"A","ticket_sales":5035,"type":"Comedy","group":"International"},{"date":"9/25/13","name":"B","ticket_sales":9902470,"type":"Action","group":"Domestic"},{"date":"10/2/13","name":"C","ticket_sales":15004,"type":"Comedy","group":"Domestic"},{"date":"10/29/13","name":"A","ticket_sales":2075,"type":"Comedy","group":"Independent"},{"date":"10/30/13","name":"B","ticket_sales":500034,"type":"Comedy","group":"Domestic"},{"date":"11/4/13","name":"C","ticket_sales":40057,"type":"Comedy","group":"Domestic"},{"date":"11/12/13","name":"A","ticket_sales":10050,"type":"Comedy","group":"Domestic"},{"date":"11/29/13","name":"B","ticket_sales":452010,"type":"Horror","group":"International"},{"date":"12/2/13","name":"C","ticket_sales":2250062,"type":"Action","group":"Domestic"},{"date":"12/5/13","name":"A","ticket_sales":25081,"type":"Comedy","group":"Domestic"},{"date":"12/10/13","name":"C","ticket_sales":385477,"type":"Horror","group":"Domestic"},{"date":"12/10/13","name":"A","ticket_sales":397949,"type":"Horror","group":"Domestic"},{"date":"12/10/13","name":"B","ticket_sales":400174,"type":"Horror","group":"Domestic"},{"date":"12/11/13","name":"B","ticket_sales":476416,"type":"Horror","group":"Domestic"},{"date":"12/11/13","name":"C","ticket_sales":499636,"type":"Horror","group":"Domestic"},{"date":"1/17/14","name":"A","ticket_sales":40076,"type":"Comedy","group":"Domestic"},{"date":"1/17/14","name":"B","ticket_sales":371070,"type":"Action","group":"Global"},{"date":"1/23/14","name":"C","ticket_sales":160072,"type":"Action","group":"Global"},{"date":"2/7/14","name":"A","ticket_sales":72,"type":"Comedy","group":"Domestic"},{"date":"2/14/14","name":"B","ticket_sales":500002,"type":"Action","group":"Global"},{"date":"2/21/14","name":"C","ticket_sales":50037,"type":"Comedy","group":"Domestic"},{"date":"2/25/14","name":"A","ticket_sales":434236,"type":"Action","group":"Global"},{"date":"2/26/14","name":"B","ticket_sales":50053,"type":"Comedy","group":"Domestic"},{"date":"2/27/14","name":"C","ticket_sales":215689,"type":"Comedy","group":"Domestic"},{"date":"3/4/14","name":"A","ticket_sales":601395,"type":"Comedy","group":"Domestic"},{"date":"3/14/14","name":"B","ticket_sales":6079,"type":"Comedy","group":"Domestic"},{"date":"4/4/14","name":"C","ticket_sales":250052,"type":"Action","group":"Domestic"},{"date":"4/8/14","name":"A","ticket_sales":200063,"type":"Horror","group":"International"},{"date":"4/14/14","name":"B","ticket_sales":25054,"type":"Comedy","group":"Domestic"},{"date":"4/16/14","name":"C","ticket_sales":562946,"type":"Action","group":"Independent"},{"date":"4/16/14","name":"A","ticket_sales":562953,"type":"Action","group":"Independent"},{"date":"5/1/14","name":"B","ticket_sales":10020,"type":"Comedy","group":"Domestic"},{"date":"5/9/14","name":"A","ticket_sales":2604134,"type":"Action","group":"Global"},{"date":"5/9/14","name":"C","ticket_sales":2650059,"type":"Action","group":"Global"},{"date":"6/3/14","name":"B","ticket_sales":502001,"type":"Comedy","group":"Domestic"},{"date":"6/5/14","name":"C","ticket_sales":8900046,"type":"Action","group":"Domestic"},{"date":"6/11/14","name":"A","ticket_sales":496222,"type":"Action","group":"Domestic"},{"date":"6/24/14","name":"B","ticket_sales":350022,"type":"Comedy","group":"International"},{"date":"6/25/14","name":"C","ticket_sales":4867460,"type":"Action","group":"International"},{"date":"6/26/14","name":"A","ticket_sales":10062,"type":"Comedy","group":"Domestic"},{"date":"6/27/14","name":"B","ticket_sales":3500005,"type":"Action","group":"Global"},{"date":"6/27/14","name":"C","ticket_sales":4200046,"type":"Action","group":"Global"},{"date":"7/10/14","name":"B","ticket_sales":989,"type":"Comedy","group":"Independent"},{"date":"7/10/14","name":"A","ticket_sales":20052,"type":"Comedy","group":"Domestic"},{"date":"7/14/14","name":"C","ticket_sales":492184,"type":"Action","group":"Global"},{"date":"7/18/14","name":"A","ticket_sales":1400039,"type":"Horror","group":"Domestic"},{"date":"7/28/14","name":"B","ticket_sales":499342,"type":"Comedy","group":"Domestic"},{"date":"8/1/14","name":"C","ticket_sales":20000097,"type":"Action","group":"Global"},{"date":"8/12/14","name":"A","ticket_sales":611553,"type":"Action","group":"Global"},{"date":"9/10/14","name":"C","ticket_sales":3500077,"type":"Horror","group":"Domestic"},{"date":"9/10/14","name":"B","ticket_sales":8000078,"type":"Horror","group":"Domestic"},{"date":"9/12/14","name":"B","ticket_sales":900024,"type":"Horror","group":"Domestic"},{"date":"9/12/14","name":"A","ticket_sales":1200067,"type":"Horror","group":"Domestic"},{"date":"9/12/14","name":"A","ticket_sales":1300073,"type":"Horror","group":"Domestic"},{"date":"9/12/14","name":"C","ticket_sales":1800030,"type":"Horror","group":"Domestic"},{"date":"9/29/14","name":"B","ticket_sales":596097,"type":"Horror","group":"Domestic"},{"date":"9/30/14","name":"C","ticket_sales":30024,"type":"Comedy","group":"Domestic"},{"date":"10/1/14","name":"A","ticket_sales":1025086,"type":"Action","group":"Domestic"},{"date":"10/3/14","name":"B","ticket_sales":1028765,"type":"Action","group":"Domestic"},{"date":"10/7/14","name":"C","ticket_sales":7507,"type":"Comedy","group":"Domestic"},{"date":"10/7/14","name":"A","ticket_sales":391740,"type":"Action","group":"Domestic"},{"date":"10/7/14","name":"B","ticket_sales":500062,"type":"Action","group":"Domestic"},{"date":"10/8/14","name":"C","ticket_sales":25011,"type":"Comedy","group":"Domestic"},{"date":"10/17/14","name":"A","ticket_sales":172059,"type":"Comedy","group":"Domestic"},{"date":"10/24/14","name":"C","ticket_sales":6055,"type":"Comedy","group":"Domestic"},{"date":"10/24/14","name":"B","ticket_sales":10060,"type":"Comedy","group":"International"},{"date":"11/12/14","name":"A","ticket_sales":1700099,"type":"Action","group":"Domestic"},{"date":"12/2/14","name":"B","ticket_sales":52474,"type":"Comedy","group":"Domestic"},{"date":"12/4/14","name":"C","ticket_sales":100054,"type":"Comedy","group":"Domestic"},{"date":"12/5/14","name":"A","ticket_sales":83259,"type":"Horror","group":"Global"},{"date":"12/5/14","name":"B","ticket_sales":227118,"type":"Comedy","group":"Domestic"},{"date":"12/8/14","name":"C","ticket_sales":351420,"type":"Action","group":"Domestic"},{"date":"12/15/14","name":"A","ticket_sales":140032,"type":"Action","group":"Global"},{"date":"12/29/14","name":"B","ticket_sales":1440963,"type":"Action","group":"Global"},{"date":"1/2/15","name":"C","ticket_sales":200040,"type":"Comedy","group":"Domestic"},{"date":"1/6/15","name":"A","ticket_sales":100029,"type":"Horror","group":"Domestic"},{"date":"1/9/15","name":"B","ticket_sales":100027,"type":"Action","group":"Domestic"},{"date":"1/16/15","name":"A","ticket_sales":263380,"type":"Action","group":"Global"},{"date":"1/16/15","name":"C","ticket_sales":1100024,"type":"Action","group":"Global"},{"date":"1/18/15","name":"B","ticket_sales":236771,"type":"Action","group":"Global"},{"date":"1/21/15","name":"C","ticket_sales":300030,"type":"Action","group":"Global"},{"date":"1/23/15","name":"A","ticket_sales":399638,"type":"Action","group":"Global"},{"date":"1/27/15","name":"B","ticket_sales":10023,"type":"Comedy","group":"Independent"},{"date":"1/28/15","name":"A","ticket_sales":1100077,"type":"Action","group":"Global"},{"date":"1/28/15","name":"C","ticket_sales":1461713,"type":"Action","group":"Global"},{"date":"1/29/15","name":"B","ticket_sales":2507634,"type":"Action","group":"Global"},{"date":"1/30/15","name":"C","ticket_sales":1100028,"type":"Action","group":"Global"},{"date":"2/2/15","name":"C","ticket_sales":1047183,"type":"Action","group":"Global"},{"date":"2/2/15","name":"A","ticket_sales":1100020,"type":"Action","group":"Global"},{"date":"2/2/15","name":"B","ticket_sales":1434132,"type":"Action","group":"Global"},{"date":"2/13/15","name":"A","ticket_sales":10096,"type":"Comedy","group":"International"},{"date":"2/13/15","name":"B","ticket_sales":2100072,"type":"Action","group":"Domestic"},{"date":"2/23/15","name":"C","ticket_sales":738040,"type":"Action","group":"Global"},{"date":"2/23/15","name":"A","ticket_sales":3250028,"type":"Action","group":"Global"},{"date":"3/2/15","name":"B","ticket_sales":120085,"type":"Horror","group":"Global"},{"date":"3/4/15","name":"C","ticket_sales":120302,"type":"Comedy","group":"Domestic"},{"date":"3/4/15","name":"A","ticket_sales":2524221,"type":"Action","group":"Domestic"},{"date":"3/18/15","name":"B","ticket_sales":499213,"type":"Action","group":"Global"},{"date":"3/24/15","name":"C","ticket_sales":2800061,"type":"Comedy","group":"Domestic"},{"date":"3/27/15","name":"A","ticket_sales":2560030,"type":"Action","group":"Global"},{"date":"4/1/15","name":"B","ticket_sales":82,"type":"Comedy","group":"Domestic"},{"date":"4/2/15","name":"C","ticket_sales":950099,"type":"Action","group":"Global"},{"date":"4/4/15","name":"A","ticket_sales":1000004,"type":"Action","group":"Domestic"},{"date":"4/7/15","name":"B","ticket_sales":1998810,"type":"Action","group":"Global"},{"date":"4/9/15","name":"C","ticket_sales":397638,"type":"Action","group":"Independent"},{"date":"4/10/15","name":"B","ticket_sales":7202,"type":"Comedy","group":"Domestic"},{"date":"4/10/15","name":"A","ticket_sales":16073,"type":"Comedy","group":"Domestic"},{"date":"4/24/15","name":"C","ticket_sales":274442,"type":"Horror","group":"Domestic"},{"date":"5/8/15","name":"A","ticket_sales":2625017,"type":"Action","group":"Global"},{"date":"5/13/15","name":"B","ticket_sales":2625023,"type":"Action","group":"Global"},{"date":"5/14/15","name":"C","ticket_sales":2441559,"type":"Action","group":"Global"},{"date":"5/15/15","name":"A","ticket_sales":648313,"type":"Action","group":"Global"},{"date":"5/18/15","name":"B","ticket_sales":2700053,"type":"Action","group":"Global"},{"date":"5/21/15","name":"A","ticket_sales":400064,"type":"Action","group":"Domestic"},{"date":"5/21/15","name":"C","ticket_sales":1000047,"type":"Action","group":"Domestic"},{"date":"5/21/15","name":"B","ticket_sales":1000035,"type":"Action","group":"Domestic"},{"date":"5/21/15","name":"C","ticket_sales":1000058,"type":"Action","group":"Domestic"},{"date":"5/21/15","name":"A","ticket_sales":1000036,"type":"Action","group":"Domestic"},{"date":"5/22/15","name":"B","ticket_sales":154093,"type":"Action","group":"Global"},{"date":"5/29/15","name":"C","ticket_sales":566,"type":"Action","group":"Independent"},{"date":"6/3/15","name":"B","ticket_sales":420027,"type":"Action","group":"Global"},{"date":"6/3/15","name":"A","ticket_sales":2144616,"type":"Action","group":"Global"},{"date":"6/5/15","name":"C","ticket_sales":249031,"type":"Comedy","group":"Domestic"},{"date":"6/8/15","name":"B","ticket_sales":136299,"type":"Action","group":"Domestic"},{"date":"6/8/15","name":"A","ticket_sales":2175324,"type":"Action","group":"Global"},{"date":"6/9/15","name":"C","ticket_sales":63,"type":"Comedy","group":"Domestic"},{"date":"6/18/15","name":"A","ticket_sales":130070,"type":"Comedy","group":"International"},{"date":"6/18/15","name":"B","ticket_sales":300048,"type":"Action","group":"Global"},{"date":"6/19/15","name":"C","ticket_sales":1997438,"type":"Action","group":"Global"},{"date":"6/26/15","name":"A","ticket_sales":50091,"type":"Comedy","group":"Domestic"},{"date":"6/26/15","name":"B","ticket_sales":405154,"type":"Action","group":"Global"},{"date":"6/30/15","name":"C","ticket_sales":118,"type":"Comedy","group":"Domestic"},{"date":"7/2/15","name":"A","ticket_sales":500022,"type":"Action","group":"Global"},{"date":"7/20/15","name":"B","ticket_sales":373025,"type":"Action","group":"Domestic"},{"date":"7/30/15","name":"C","ticket_sales":1444728,"type":"Action","group":"Global"},{"date":"8/6/15","name":"A","ticket_sales":323928,"type":"Action","group":"Global"},{"date":"8/13/15","name":"B","ticket_sales":1180089,"type":"Comedy","group":"International"},{"date":"8/14/15","name":"C","ticket_sales":15094,"type":"Comedy","group":"Domestic"},{"date":"8/14/15","name":"A","ticket_sales":340198,"type":"Action","group":"Global"},{"date":"8/18/15","name":"B","ticket_sales":447843,"type":"Action","group":"Global"},{"date":"8/19/15","name":"C","ticket_sales":1246580,"type":"Comedy","group":"Domestic"},{"date":"8/20/15","name":"A","ticket_sales":100021,"type":"Action","group":"Global"},{"date":"8/28/15","name":"B","ticket_sales":298857,"type":"Action","group":"Global"},{"date":"9/4/15","name":"A","ticket_sales":5056,"type":"Comedy","group":"Domestic"},{"date":"9/4/15","name":"C","ticket_sales":30051,"type":"Comedy","group":"Domestic"},{"date":"9/8/15","name":"B","ticket_sales":7000004,"type":"Action","group":"Domestic"},{"date":"9/9/15","name":"C","ticket_sales":5094,"type":"Comedy","group":"International"},{"date":"9/9/15","name":"A","ticket_sales":954063,"type":"Action","group":"Domestic"},{"date":"9/14/15","name":"B","ticket_sales":150045,"type":"Action","group":"Domestic"},{"date":"9/15/15","name":"C","ticket_sales":1676049,"type":"Romantic","group":"Global"},{"date":"9/17/15","name":"A","ticket_sales":100023,"type":"Comedy","group":"Domestic"},{"date":"9/25/15","name":"B","ticket_sales":15025,"type":"Comedy","group":"Domestic"},{"date":"9/30/15","name":"C","ticket_sales":443194,"type":"Horror","group":"Domestic"},{"date":"10/14/15","name":"A","ticket_sales":379255,"type":"Action","group":"Domestic"},{"date":"10/14/15","name":"C","ticket_sales":650098,"type":"Action","group":"Domestic"},{"date":"10/14/15","name":"B","ticket_sales":758001,"type":"Action","group":"Domestic"},{"date":"10/15/15","name":"A","ticket_sales":200027,"type":"Comedy","group":"Domestic"},{"date":"10/20/15","name":"B","ticket_sales":15055,"type":"Comedy","group":"Domestic"},{"date":"11/2/15","name":"C","ticket_sales":639562,"type":"Action","group":"Global"},{"date":"11/13/15","name":"A","ticket_sales":383854,"type":"Action","group":"Global"},{"date":"11/16/15","name":"B","ticket_sales":10042,"type":"Comedy","group":"Domestic"},{"date":"11/16/15","name":"C","ticket_sales":3680055,"type":"Action","group":"Domestic"},{"date":"11/20/15","name":"A","ticket_sales":221,"type":"Comedy","group":"Domestic"},{"date":"11/23/15","name":"B","ticket_sales":245053,"type":"Comedy","group":"Domestic"},{"date":"11/24/15","name":"C","ticket_sales":36,"type":"Comedy","group":"Domestic"},{"date":"12/1/15","name":"A","ticket_sales":7070,"type":"Comedy","group":"International"},{"date":"12/2/15","name":"B","ticket_sales":255199,"type":"Action","group":"Global"},{"date":"12/18/15","name":"C","ticket_sales":10029,"type":"Comedy","group":"Domestic"},{"date":"12/18/15","name":"A","ticket_sales":1354749,"type":"Action","group":"Global"},{"date":"12/21/15","name":"B","ticket_sales":504959,"type":"Action","group":"Global"},{"date":"12/30/15","name":"C","ticket_sales":19658,"type":"Comedy","group":"Global"},{"date":"1/4/16","name":"B","ticket_sales":10081,"type":"Comedy","group":"International"},{"date":"1/4/16","name":"A","ticket_sales":532151,"type":"Horror","group":"International"},{"date":"1/5/16","name":"C","ticket_sales":452428,"type":"Action","group":"Global"},{"date":"1/7/16","name":"A","ticket_sales":60,"type":"Horror","group":"Domestic"},{"date":"1/9/16","name":"B","ticket_sales":298831,"type":"Action","group":"Global"},{"date":"1/11/16","name":"C","ticket_sales":54844,"type":"Horror","group":"Global"},{"date":"1/11/16","name":"A","ticket_sales":234085,"type":"Action","group":"Global"},{"date":"1/11/16","name":"B","ticket_sales":463890,"type":"Action","group":"Domestic"},{"date":"1/15/16","name":"C","ticket_sales":50073,"type":"Comedy","group":"Global"},{"date":"1/18/16","name":"A","ticket_sales":100,"type":"Action","group":"Domestic"},{"date":"1/21/16","name":"B","ticket_sales":25083,"type":"Comedy","group":"Global"},{"date":"1/22/16","name":"C","ticket_sales":300095,"type":"Action","group":"Global"},{"date":"1/26/16","name":"A","ticket_sales":397663,"type":"Horror","group":"International"},{"date":"1/27/16","name":"B","ticket_sales":700011,"type":"Action","group":"Domestic"},{"date":"1/29/16","name":"A","ticket_sales":1932027,"type":"Action","group":"Global"},{"date":"1/29/16","name":"C","ticket_sales":2800097,"type":"Action","group":"Global"},{"date":"2/1/16","name":"C","ticket_sales":149813,"type":"Action","group":"International"},{"date":"2/1/16","name":"B","ticket_sales":700057,"type":"Action","group":"Domestic"},{"date":"2/2/16","name":"B","ticket_sales":700066,"type":"Action","group":"Domestic"},{"date":"2/2/16","name":"A","ticket_sales":2079606,"type":"Action","group":"Global"},{"date":"2/3/16","name":"C","ticket_sales":1200019,"type":"Action","group":"Global"},{"date":"2/3/16","name":"A","ticket_sales":2943601,"type":"Action","group":"Global"},{"date":"2/5/16","name":"B","ticket_sales":43083,"type":"Comedy","group":"Domestic"},{"date":"2/9/16","name":"C","ticket_sales":349538,"type":"Horror","group":"International"},{"date":"2/12/16","name":"A","ticket_sales":110007,"type":"Comedy","group":"International"},{"date":"2/12/16","name":"B","ticket_sales":321219,"type":"Action","group":"Global"},{"date":"2/16/16","name":"C","ticket_sales":350045,"type":"Action","group":"Global"},{"date":"3/4/16","name":"A","ticket_sales":188082,"type":"Action","group":"Global"},{"date":"3/10/16","name":"B","ticket_sales":50061,"type":"Comedy","group":"Global"},{"date":"3/11/16","name":"C","ticket_sales":500004,"type":"Action","group":"Global"},{"date":"3/14/16","name":"A","ticket_sales":100077,"type":"Comedy","group":"Global"},{"date":"3/16/16","name":"B","ticket_sales":599690,"type":"Comedy","group":"Global"},{"date":"3/17/16","name":"C","ticket_sales":50082,"type":"Comedy","group":"Global"},{"date":"3/17/16","name":"A","ticket_sales":1660420,"type":"Action","group":"Global"},{"date":"3/25/16","name":"B","ticket_sales":100076,"type":"Action","group":"Domestic"},{"date":"3/30/16","name":"C","ticket_sales":1180010,"type":"Action","group":"Global"},{"date":"4/1/16","name":"A","ticket_sales":332912,"type":"Action","group":"Global"},{"date":"4/8/16","name":"B","ticket_sales":520011,"type":"Action","group":"Global"},{"date":"4/11/16","name":"C","ticket_sales":6757,"type":"Comedy","group":"Domestic"},{"date":"4/12/16","name":"A","ticket_sales":12399,"type":"Comedy","group":"International"},{"date":"4/19/16","name":"B","ticket_sales":2750889,"type":"Action","group":"Global"},{"date":"4/20/16","name":"C","ticket_sales":1299675,"type":"Horror","group":"Domestic"},{"date":"4/22/16","name":"B","ticket_sales":166192,"type":"Action","group":"Global"},{"date":"4/22/16","name":"A","ticket_sales":1402203,"type":"Action","group":"Global"},{"date":"4/27/16","name":"C","ticket_sales":10029,"type":"Comedy","group":"International"},{"date":"5/4/16","name":"A","ticket_sales":100094,"type":"Action","group":"Global"},{"date":"5/6/16","name":"B","ticket_sales":78048,"type":"Comedy","group":"Global"},{"date":"5/9/16","name":"C","ticket_sales":183556,"type":"Action","group":"Global"},{"date":"5/10/16","name":"A","ticket_sales":9412,"type":"Action","group":"Global"},{"date":"5/13/16","name":"B","ticket_sales":366257,"type":"Action","group":"Global"},{"date":"5/13/16","name":"C","ticket_sales":649664,"type":"Action","group":"Global"},{"date":"5/16/16","name":"A","ticket_sales":650047,"type":"Action","group":"Global"},{"date":"5/17/16","name":"B","ticket_sales":4500063,"type":"Action","group":"Domestic"},{"date":"5/20/16","name":"C","ticket_sales":4559275,"type":"Action","group":"Global"},{"date":"5/24/16","name":"A","ticket_sales":29051,"type":"Action","group":"Global"},{"date":"5/26/16","name":"B","ticket_sales":3184,"type":"Comedy","group":"Global"},{"date":"5/26/16","name":"C","ticket_sales":1200047,"type":"Action","group":"Global"},{"date":"5/31/16","name":"B","ticket_sales":1191289,"type":"Action","group":"Global"},{"date":"5/31/16","name":"A","ticket_sales":4296556,"type":"Action","group":"Global"},{"date":"6/7/16","name":"C","ticket_sales":100074,"type":"Action","group":"Global"},{"date":"6/8/16","name":"B","ticket_sales":379908,"type":"Action","group":"Global"},{"date":"6/8/16","name":"A","ticket_sales":915015,"type":"Action","group":"Global"},{"date":"6/9/16","name":"C","ticket_sales":40029,"type":"Horror","group":"Domestic"},{"date":"6/22/16","name":"A","ticket_sales":300000,"type":"Action","group":"Global"},{"date":"6/30/16","name":"B","ticket_sales":1319764,"type":"Action","group":"Global"},{"date":"7/8/16","name":"C","ticket_sales":3250019,"type":"Horror","group":"International"},{"date":"7/15/16","name":"B","ticket_sales":500030,"type":"Action","group":"Global"},{"date":"7/15/16","name":"A","ticket_sales":600039,"type":"Action","group":"Global"},{"date":"7/19/16","name":"C","ticket_sales":90037,"type":"Action","group":"Domestic"},{"date":"7/19/16","name":"A","ticket_sales":516105,"type":"Action","group":"Global"},{"date":"7/26/16","name":"B","ticket_sales":5100,"type":"Comedy","group":"International"},{"date":"7/27/16","name":"C","ticket_sales":376367,"type":"Romantic","group":"Global"},{"date":"7/29/16","name":"A","ticket_sales":25040,"type":"Comedy","group":"Global"},{"date":"8/1/16","name":"B","ticket_sales":208128,"type":"Action","group":"Global"},{"date":"8/3/16","name":"C","ticket_sales":247272,"type":"Action","group":"Global"},{"date":"8/5/16","name":"A","ticket_sales":149562,"type":"Comedy","group":"Global"},{"date":"8/19/16","name":"B","ticket_sales":198244,"type":"Action","group":"Global"},{"date":"8/19/16","name":"C","ticket_sales":1330092,"type":"Romantic","group":"Domestic"},{"date":"8/20/16","name":"A","ticket_sales":1000077,"type":"Comedy","group":"Global"},{"date":"8/23/16","name":"B","ticket_sales":247793,"type":"Action","group":"Domestic"},{"date":"8/25/16","name":"C","ticket_sales":1172722,"type":"Romantic","group":"Global"},{"date":"8/31/16","name":"A","ticket_sales":30029,"type":"Comedy","group":"Independent"},{"date":"9/2/16","name":"B","ticket_sales":746971,"type":"Action","group":"Global"},{"date":"9/6/16","name":"C","ticket_sales":147893,"type":"Action","group":"Independent"},{"date":"9/8/16","name":"A","ticket_sales":25007,"type":"Comedy","group":"Global"},{"date":"9/9/16","name":"C","ticket_sales":420011,"type":"Action","group":"Global"},{"date":"9/9/16","name":"B","ticket_sales":29993126,"type":"Action","group":"Global"},{"date":"9/13/16","name":"A","ticket_sales":300030,"type":"Action","group":"Global"},{"date":"9/13/16","name":"B","ticket_sales":13602183,"type":"Action","group":"Domestic"},{"date":"9/19/16","name":"C","ticket_sales":997247,"type":"Action","group":"Global"},{"date":"9/20/16","name":"A","ticket_sales":236876,"type":"Romantic","group":"Global"},{"date":"9/26/16","name":"B","ticket_sales":24008,"type":"Comedy","group":"Domestic"},{"date":"9/29/16","name":"C","ticket_sales":299997,"type":"Action","group":"Global"},{"date":"9/30/16","name":"A","ticket_sales":299940,"type":"Action","group":"Global"},{"date":"10/3/16","name":"B","ticket_sales":302641,"type":"Romantic","group":"Global"},{"date":"10/5/16","name":"C","ticket_sales":79389,"type":"Action","group":"Global"},{"date":"10/6/16","name":"A","ticket_sales":365515,"type":"Action","group":"Global"},{"date":"10/7/16","name":"B","ticket_sales":1000017,"type":"Comedy","group":"Global"},{"date":"10/11/16","name":"C","ticket_sales":380080,"type":"Action","group":"Global"},{"date":"10/13/16","name":"A","ticket_sales":1000100,"type":"Comedy","group":"Global"},{"date":"10/19/16","name":"C","ticket_sales":240055,"type":"Romantic","group":"Global"},{"date":"10/19/16","name":"B","ticket_sales":6000055,"type":"Comedy","group":"Global"},{"date":"10/25/16","name":"A","ticket_sales":147060,"type":"Comedy","group":"Global"},{"date":"10/28/16","name":"B","ticket_sales":100065,"type":"Comedy","group":"Domestic"},{"date":"11/4/16","name":"C","ticket_sales":960085,"type":"Romantic","group":"International"},{"date":"11/8/16","name":"A","ticket_sales":1941989,"type":"Action","group":"Global"},{"date":"11/10/16","name":"B","ticket_sales":250065,"type":"Action","group":"Global"},{"date":"11/14/16","name":"C","ticket_sales":2106301,"type":"Action","group":"Global"},{"date":"11/17/16","name":"A","ticket_sales":6436,"type":"Comedy","group":"Domestic"},{"date":"11/17/16","name":"B","ticket_sales":2090477,"type":"Action","group":"Global"},{"date":"11/18/16","name":"C","ticket_sales":1440065,"type":"Comedy","group":"Global"},{"date":"11/18/16","name":"A","ticket_sales":2408212,"type":"Action","group":"Global"},{"date":"11/18/16","name":"B","ticket_sales":3117503,"type":"Romantic","group":"Global"},{"date":"11/22/16","name":"A","ticket_sales":1319759,"type":"Romantic","group":"Global"},{"date":"11/22/16","name":"C","ticket_sales":1900449,"type":"Action","group":"Global"},{"date":"11/28/16","name":"B","ticket_sales":900044,"type":"Romantic","group":"Domestic"},{"date":"12/5/16","name":"A","ticket_sales":225036,"type":"Action","group":"Independent"},{"date":"12/5/16","name":"C","ticket_sales":250046,"type":"Comedy","group":"Domestic"},{"date":"12/5/16","name":"B","ticket_sales":2600056,"type":"Romantic","group":"Global"},{"date":"12/9/16","name":"C","ticket_sales":262787,"type":"Action","group":"Global"},{"date":"12/16/16","name":"A","ticket_sales":134609,"type":"Action","group":"Global"},{"date":"12/22/16","name":"B","ticket_sales":196338,"type":"Romantic","group":"Global"},{"date":"12/23/16","name":"C","ticket_sales":103904,"type":"Action","group":"Global"},{"date":"12/30/16","name":"A","ticket_sales":15000037,"type":"Romantic","group":"Global"},{"date":"1/3/17","name":"B","ticket_sales":1161393,"type":"Action","group":"Global"},{"date":"1/9/17","name":"C","ticket_sales":183923,"type":"Horror","group":"International"},{"date":"1/10/17","name":"A","ticket_sales":1105353,"type":"Action","group":"Global"},{"date":"1/11/17","name":"B","ticket_sales":870975,"type":"Romantic","group":"Global"},{"date":"1/23/17","name":"C","ticket_sales":384547,"type":"Romantic","group":"Global"},{"date":"1/27/17","name":"A","ticket_sales":600053,"type":"Comedy","group":"Domestic"},{"date":"2/3/17","name":"C","ticket_sales":336945,"type":"Romantic","group":"Global"},{"date":"2/3/17","name":"B","ticket_sales":2100061,"type":"Action","group":"Global"},{"date":"2/9/17","name":"A","ticket_sales":300039,"type":"Action","group":"Global"},{"date":"2/10/17","name":"B","ticket_sales":146627,"type":"Action","group":"Global"},{"date":"2/24/17","name":"C","ticket_sales":384356,"type":"Romantic","group":"Global"},{"date":"3/2/17","name":"A","ticket_sales":200058,"type":"Romantic","group":"Domestic"},{"date":"3/6/17","name":"B","ticket_sales":286181,"type":"Action","group":"Global"},{"date":"3/8/17","name":"C","ticket_sales":1385736,"type":"Action","group":"Global"},{"date":"3/10/17","name":"A","ticket_sales":2371786,"type":"Action","group":"Global"},{"date":"3/14/17","name":"B","ticket_sales":1319785,"type":"Action","group":"Global"},{"date":"3/14/17","name":"C","ticket_sales":1332559,"type":"Romantic","group":"Global"},{"date":"3/29/17","name":"A","ticket_sales":650086,"type":"Action","group":"Global"},{"date":"3/31/17","name":"B","ticket_sales":1219407,"type":"Action","group":"Global"},{"date":"4/6/17","name":"C","ticket_sales":1133030,"type":"Action","group":"Global"},{"date":"4/7/17","name":"A","ticket_sales":59522,"type":"Action","group":"Global"},{"date":"4/12/17","name":"A","ticket_sales":1206010,"type":"Romantic","group":"Global"},{"date":"4/12/17","name":"B","ticket_sales":2805568,"type":"Horror","group":"International"},{"date":"4/12/17","name":"C","ticket_sales":3907230,"type":"Action","group":"International"},{"date":"4/17/17","name":"B","ticket_sales":2114661,"type":"Action","group":"Global"},{"date":"5/3/17","name":"C","ticket_sales":619873,"type":"Action","group":"Global"},{"date":"5/5/17","name":"B","ticket_sales":500003,"type":"Romantic","group":"Global"},{"date":"5/5/17","name":"A","ticket_sales":4630258,"type":"Action","group":"Global"},{"date":"5/17/17","name":"C","ticket_sales":156034,"type":"Comedy","group":"Global"},{"date":"5/23/17","name":"A","ticket_sales":395856,"type":"Action","group":"Global"},{"date":"5/24/17","name":"B","ticket_sales":185,"type":"Comedy","group":"Domestic"},{"date":"6/5/17","name":"C","ticket_sales":115,"type":"Comedy","group":"Domestic"},{"date":"6/5/17","name":"A","ticket_sales":67855,"type":"Action","group":"Global"},{"date":"6/6/17","name":"B","ticket_sales":570919,"type":"Action","group":"Global"},{"date":"6/15/17","name":"C","ticket_sales":600039,"type":"Comedy","group":"Domestic"},{"date":"6/19/17","name":"A","ticket_sales":75006,"type":"Comedy","group":"Global"},{"date":"6/22/17","name":"B","ticket_sales":200038,"type":"Action","group":"Global"},{"date":"6/27/17","name":"C","ticket_sales":10040,"type":"Comedy","group":"Domestic"},{"date":"7/5/17","name":"A","ticket_sales":200063,"type":"Comedy","group":"Domestic"},{"date":"7/7/17","name":"B","ticket_sales":506574,"type":"Romantic","group":"Global"},{"date":"7/10/17","name":"C","ticket_sales":3500061,"type":"Romantic","group":"Global"},{"date":"7/13/17","name":"A","ticket_sales":5029,"type":"Comedy","group":"Domestic"},{"date":"7/13/17","name":"B","ticket_sales":669386,"type":"Action","group":"Global"},{"date":"7/27/17","name":"C","ticket_sales":844490,"type":"Action","group":"Global"},{"date":"7/28/17","name":"A","ticket_sales":175760,"type":"Romantic","group":"Domestic"},{"date":"8/3/17","name":"B","ticket_sales":183,"type":"Comedy","group":"Domestic"},{"date":"8/10/17","name":"C","ticket_sales":207958,"type":"Action","group":"Global"},{"date":"8/14/17","name":"A","ticket_sales":389489,"type":"Action","group":"Domestic"},{"date":"8/15/17","name":"B","ticket_sales":830934,"type":"Romantic","group":"Global"},{"date":"8/30/17","name":"C","ticket_sales":299932,"type":"Romantic","group":"Global"},{"date":"9/5/17","name":"A","ticket_sales":345081,"type":"Action","group":"Global"},{"date":"9/13/17","name":"B","ticket_sales":1000079,"type":"Romantic","group":"Global"},{"date":"9/25/17","name":"C","ticket_sales":20054,"type":"Comedy","group":"Domestic"},{"date":"10/9/17","name":"A","ticket_sales":250016,"type":"Action","group":"Domestic"},{"date":"10/11/17","name":"B","ticket_sales":35088,"type":"Romantic","group":"Global"},{"date":"12/13/17","name":"C","ticket_sales":75058,"type":"Romantic","group":"Global"},{"date":"12/15/17","name":"A","ticket_sales":251443,"type":"Action","group":"Global"},{"date":"12/26/17","name":"B","ticket_sales":2872314,"type":"Action","group":"Global"},{"date":"12/29/17","name":"C","ticket_sales":28090,"type":"Horror","group":"International"},{"date":"1/3/18","name":"A","ticket_sales":621639,"type":"Action","group":"Global"},{"date":"1/8/18","name":"B","ticket_sales":500032,"type":"Action","group":"Global"},{"date":"1/12/18","name":"C","ticket_sales":75035,"type":"Romantic","group":"Global"},{"date":"1/16/18","name":"A","ticket_sales":5051,"type":"Romantic","group":"Global"},{"date":"1/26/18","name":"B","ticket_sales":4268,"type":"Romantic","group":"Global"},{"date":"2/6/18","name":"C","ticket_sales":1897495,"type":"Action","group":"Global"},{"date":"2/13/18","name":"A","ticket_sales":1025,"type":"Romantic","group":"Global"},{"date":"2/21/18","name":"B","ticket_sales":499861,"type":"Action","group":"Global"},{"date":"2/23/18","name":"C","ticket_sales":699929,"type":"Action","group":"Global"},{"date":"3/5/18","name":"A","ticket_sales":999566,"type":"Romantic","group":"Global"},{"date":"3/16/18","name":"B","ticket_sales":299986,"type":"Action","group":"Global"},{"date":"4/5/18","name":"C","ticket_sales":1800072,"type":"Action","group":"International"},{"date":"4/11/18","name":"A","ticket_sales":1800095,"type":"Action","group":"International"},{"date":"4/17/18","name":"B","ticket_sales":50063,"type":"Comedy","group":"Domestic"},{"date":"4/20/18","name":"C","ticket_sales":149531,"type":"Romantic","group":"Global"},{"date":"5/23/18","name":"A","ticket_sales":100040,"type":"Comedy","group":"Global"},{"date":"6/13/18","name":"B","ticket_sales":750097,"type":"Romantic","group":"Global"}]